@inproceedings{Barni:2010,
  title={A privacy-compliant fingerprint recognition system based on homomorphic encryption and fingercode templates},
  author={Barni, Mauro and Bianchi, Tiziano and Catalano, Dario and Di Raimondo, Mario and Labati, Ruggero Donida and Failla, Pierluigi and Fiore, Dario and Lazzeretti, Riccardo and Piuri, Vincenzo and Piva, Alessandro and others},
  booktitle={Biometrics: theory applications and systems (BTAS), 2010 Fourth IEEE International Conference on},
  pages={1--7},
  year={2010},
  organization={IEEE}
}

@inproceedings{Huang:2011,
  title={Efficient privacy-preserving biometric identification},
  author={Evans, David and Huang, Yan and Katz, Jonathan and Malka, Lior},
  booktitle={Proceedings of the 17th conference Network and Distributed System Security Symposium, NDSS},
  year={2011}
}

@article{Feng:2012,
  title={Privacy-preserving authentication using fingerprint},
  author={Feng, Quan and Su, Fei and Cai, Anni},
  journal={IJICIC},
  volume={8},
  number={11},
  pages={8001--8018},
  year={2012}
}

@book{Bertino:2014,
  title={Homomorphic encryption and applications},
  author={Yi, Xun and Paulet, Russell and Bertino, Elisa},
  volume={3},
  year={2014},
  pages = {27--46},
  chapter = {2},
  publisher={Springer}
}

@article{ElGamal:1985,
  title={A public key cryptosystem and a signature scheme based on discrete logarithms},
  author={ElGamal, Taher},
  journal={IEEE transactions on information theory},
  volume={31},
  number={4},
  pages={469--472},
  year={1985},
  publisher={IEEE}
}

@article{Jain:2000,
  title={Filterbank-based fingerprint matching},
  author={Jain, Anil K and Prabhakar, Salil and Hong, Lin and Pankanti, Sharath},
  journal={IEEE transactions on Image Processing},
  volume={9},
  number={5},
  pages={846--859},
  year={2000},
  publisher={IEEE}
}

@inproceedings{Paillier:1999,
  title={Public-key cryptosystems based on composite degree residuosity classes},
  author={Paillier, Pascal},
  booktitle={International Conference on the Theory and Applications of Cryptographic Techniques},
  pages={223--238},
  year={1999},
  organization={Springer}
}

@inproceedings{Barni,
  title={Privacy-preserving fingercode authentication},
  author={Barni, Mauro and Bianchi, Tiziano and Catalano, Dario and Di Raimondo, Mario and Donida Labati, Ruggero and Failla, Pierluigi and Fiore, Dario and Lazzeretti, Riccardo and Piuri, Vincenzo and Scotti, Fabio and others},
  booktitle={Proceedings of the 12th ACM workshop on Multimedia and security},
  pages={231--240},
  year={2010},
  organization={ACM}
}

@inproceedings{freedman2004efficient,
  title={Efficient private matching and set intersection},
  author={Freedman, Michael J and Nissim, Kobbi and Pinkas, Benny},
  booktitle={International conference on the theory and applications of cryptographic techniques},
  pages={1--19},
  year={2004},
  organization={Springer}
}

@inproceedings{rane2009secure,
  title={Secure distortion computation among untrusting parties using homomorphic encryption},
  author={Rane, Shantanu D and Sun, Wei and Vetro, Anthony},
  booktitle={Image Processing (ICIP), 2009 16th IEEE International Conference on},
  pages={1485--1488},
  year={2009},
  organization={IEEE}
}

@inproceedings{sutcu2008feature,
  title={Feature extraction for a Slepian-Wolf biometric system using LDPC codes},
  author={Sutcu, Yagiz and Rane, Shantanu and Yedidia, Jonathan S and Draper, Stark C and Vetro, Anthony},
  booktitle={Information Theory, 2008. ISIT 2008. IEEE International Symposium on},
  pages={2297--2301},
  year={2008},
  organization={IEEE}
}

@article{subban2013study,
  title={A study of biometric approach using fingerprint recognition},
  author={Subban, Ravi and Mankame, Dattatreya P},
  journal={Lecture notes on software engineering},
  volume={1},
  number={2},
  pages={209},
  year={2013},
  publisher={IACSIT Press}
}

@misc{statista,
  title = {Shipments of smartphones with fingerprint sensors worldwide from 2014 to 2018 (in million units)},
  howpublished = {\url{https://www.statista.com/statistics/522055/global-smartphone-fingerprint-shipments/}},
  note = {Accessed: 2018-06-18}
}

@article{regulation2016regulation,
  title={Regulation (EU) 2016/679 of the European Parliament and of the Council of 27 April 2016 on the protection of natural persons with regard to the processing of personal data and on the free movement of such data, and repealing Directive 95/46},
  author={Regulation, General Data Protection},
  journal={Official Journal of the European Union (OJ)},
  volume={59},
  pages={1--88},
  year={2016}
}