@InProceedings{C2,
  author = 	 "Jones, C.D. and Smith, A.B. and Roberts, E.F.",
  title =        "Article Title",
  booktitle =        "Proceedings Title",
  organization = "IEEE",
  year = 	 "2003",
  volume = 	 "II",
  pages = 	 "803-806"
}

@article{mnih2015a,
  title = {Human-level control through deep reinforcement learning},
  language = {eng},
  publisher = {NATURE PUBLISHING GROUP},
  journal = {Nature},
  volume = {518},
  number = {7540},
  pages = {529-533},
  year = {2015},
  issn = {14764687, 00280836},
  doi = {10.1038/nature14236},
  author = {Mnih and others}
}

@article{silver2016a,
  title = {Mastering the game of Go with deep neural networks and tree search},
  language = {eng},
  publisher = {NATURE PUBLISHING GROUP},
  journal = {Nature},
  volume = {529},
  number = {7587},
  pages = {484-+},
  year = {2016},
  issn = {14764687, 00280836},
  doi = {10.1038/nature16961},
  author = {Silver and others}
}

@book{sutton1998a,
  title = {Reinforcement Learning, Second edition, in progress},
  language = {eng},
  publisher = {A Bradford Book, The MIT Press,},
  journal = {Reinforcement Learning},
  pages = {322 s.},
  year = {2017},
  isbn = {0585024456, 1282096788, 026225705x, 0262193981, 9786612096785},
  author = {Sutton, Richard S.}
}

@inproceedings{kormelink2018exploration,
  title={Exploration Methods for Connectionist Q-learning in Bomberman.},
  author={Kormelink, Joseph Groot and Drugan, Madalina M and Wiering, Marco A},
  booktitle={ICAART (2)},
  pages={355--362},
  year={2018}
}

@online{rwightman,
  author = {Ross Wightman},
  title = {PyTorch RL for Pommerman},
  year = 2018,
  url = {https://github.com/rwightman/pytorch-pommerman-rl},
  urldate = {2018-10-30}
}